<record xmlns="http://www.loc.gov/MARC21/slim">
   <leader>01051cam a2200265 a 4500</leader>
   <controlfield tag="001">1312008</controlfield>
   <controlfield tag="008">900814s1985    pp       bc       0 eng c</controlfield>
   <datafield ind1=" " ind2=" " tag="035">
      <subfield code="a">ocm13914568</subfield>
   </datafield>
   <datafield ind1=" " ind2=" " tag="040">
      <subfield code="b">eng</subfield>
   </datafield>
   <datafield ind1=" " ind2=" " tag="049">
      <subfield code="a">AEU</subfield>
      <subfield code="b">eng</subfield>
   </datafield>
   <datafield ind1=" " ind2="3" tag="055">
      <subfield code="a">GA 193 P3</subfield>
      <subfield code="b">P247 1985</subfield>
   </datafield>
   <datafield ind1="0" ind2=" " tag="090">
      <subfield code="a">GA 193 P3 P247 1985</subfield>
   </datafield>
   <datafield ind1="1" ind2=" " tag="100">
      <subfield code="a">Parkop, Kametan.</subfield>
   </datafield>
   <datafield ind1="1" ind2="2" tag="245">
      <subfield code="a">A catalogue of the holdings of the map collection /</subfield>
      <subfield code="c">compiled by Kametan Parkop.</subfield>
   </datafield>
   <datafield ind1=" " ind2=" " tag="260">
      <subfield code="a">[Port Moresby] :</subfield>
      <subfield code="b">University of Papua New Guinea, The Library,</subfield>
      <subfield code="c">1985.</subfield>
   </datafield>
   <datafield ind1=" " ind2=" " tag="300">
      <subfield code="a">x, 207 p. :</subfield>
      <subfield code="b">map ;</subfield>
      <subfield code="c">30 cm.</subfield>
   </datafield>
   <datafield ind1=" " ind2=" " tag="336">
      <subfield code="a">text</subfield>
      <subfield code="b">txt</subfield>
      <subfield code="2">rdacontent</subfield>
   </datafield>
   <datafield ind1=" " ind2=" " tag="337">
      <subfield code="a">unmediated</subfield>
      <subfield code="b">n</subfield>
      <subfield code="2">rdamedia</subfield>
   </datafield>
   <datafield ind1=" " ind2=" " tag="338">
      <subfield code="a">volume</subfield>
      <subfield code="b">nc</subfield>
      <subfield code="2">rdacarrier</subfield>
   </datafield>
   <datafield ind1=" " ind2=" " tag="596">
      <subfield code="a">38</subfield>
   </datafield>
   <datafield ind1="2" ind2="0" tag="610">
      <subfield code="a">University of Papua New Guinea.</subfield>
      <subfield code="b">Michael Somare Library</subfield>
      <subfield code="b">Map Collections</subfield>
      <subfield code="v">Catalogs.</subfield>
   </datafield>
   <datafield ind1=" " ind2="0" tag="650">
      <subfield code="a">Maps</subfield>
      <subfield code="v">Bibliography</subfield>
      <subfield code="v">Catalogs.</subfield>
   </datafield>
   <datafield ind1=" " ind2="0" tag="650">
      <subfield code="a">Map collections</subfield>
      <subfield code="z">Papua New Guinea.</subfield>
   </datafield>
   <datafield ind1="2" ind2=" " tag="710">
      <subfield code="a">University of Papua New Guinea.</subfield>
      <subfield code="b">Michael Somare Library</subfield>
      <subfield code="b">Map Collection.</subfield>
   </datafield>
   <datafield ind1=" " ind2=" " tag="926">
      <subfield code="a">GA 193 P3 P247 1985</subfield>
      <subfield code="w">LC</subfield>
      <subfield code="c">1</subfield>
      <subfield code="i">000033606377</subfield>
      <subfield code="l">ON_SHELF</subfield>
      <subfield code="m">UABARD</subfield>
      <subfield code="p">$150.00</subfield>
      <subfield code="r">Y</subfield>
      <subfield code="s">Y</subfield>
      <subfield code="t">BOOK</subfield>
      <subfield code="u">8/21/1990</subfield>
      <subfield code="o">.STAFF. C0007149</subfield>
   </datafield>
</record>
